@misc{Garrett2005,
  author =       "Garrett J",
  title =        "AJAX: A New Approach to Web Applications",
  month =        "Feb",
  year =         2005,
  url =          "http://www.adaptivepath.com/ideas/essays/archives/000385.php"
}

@misc{bib:wiki:ndcg,
  author =       "Wikipedia",
  title =        "Discounted cumulative gain",
  month =        "June",
  year =         2015,
  url =          "http://en.wikipedia.org/wiki/Discounted_cumulative_gain"
}

@inproceedings{bib:Chris2005,
  title =        {Learning to rank using gradient descent},
  author =       {Chris Burges and Tal Shaked and Erin Renshaw and Ari Lazier
                  and Matt Deeds and Nicole Hamilton and Greg Hullender},
  booktitle =    {Proceedings of the 22nd international conference on Machine
                  learning (ICML '05)},
  pages =        {89-96},
  year =         2005,
  address =      {New York, NY, USA},
  organization = {ACM}
}

@article{BleiNJ03,
  title =        {Latent dirichlet allocation},
  author =       {David M. Blei and Andrew Y. Ng and Michael I. Jordan},
  journal =      {Journal of Machine Learning Research},
  pages =        {993-1022},
  number =       3,
  year =         2003
}

@inproceedings{Jaime:MMR:1998,
  title =        {The Use of MMR, Diversity-Based Reranking for Reordering
                  Documents and Producing Summaries},
  author =       {Jaime Carbonell and Jade Goldstein},
  booktitle =    {Proceedings of the 21st Annual International ACM SIGIR
                  Conference on Research and Development in Information
                  Retrieval},
  pages =        {335--336},
  year =         1998,
  address =      {Melbourne, Australia},
  organization = {ACM}
}

@book{DavidLay2012,
  autor =        {David C.Lay},
  translator =   {刘深泉},
  title =        {线性代数及其应用(Chapter 5: 特征值与特征向量)},
  publisher =    {机械工业出版社},
  year =         2012
}

@book{Liuting2008,
  autor =        {刘挺 and 秦兵 and 张宇 and 车万翔},
  title =        {信息检索系统导论},
  publisher =    {机械工业出版社},
  year =         2008
}

@book{MiningMassiveDatasets,
  author =       {Anand Rajaraman and Jeffrey David Ullman},
  translator =   {王斌},
  title =        {大数据---互联网大规模数据挖掘与分布式处理},
  publisher =    {人民邮电出版社},
  year =         2012
}

@book{MiningtheWeb,
  author =       {Soumen CHakrabarti},
  title =        {Mining the Web---Discovering Knowledge from Hypertext Data},
  publisher =    {人民邮电出版社},
  year =         2010
}

@article{Chuong2008,
  title =        {What is the Expectation Maximization Algorithm?},
  author =       {Chuong B Do and Serafim Batzoglou},
  journal =      {Nature Biotechnology},
  pages =        {897-899},
  volume =       26,
  number =       8,
  year =         2008
}

